@MastersThesis{masud_1999,
    title={FPGA routing structures: a novel switch block and depopulated interconnect matrix architectures},
    author={Masud, Muhammad Imran.},
    year={1999},
    school={The University of British Columbia}
}
